%https://verbosus.com/bibtex-style-examples.html

@book{book::SM,
  author    = {John M. Lee}, 
  title     = {Introduction to Smooth Manifolds},
  publisher = {Springer},
  edition   = 2,
  isbn      = {978-1-4419-9981-8}
}

@book{book::Hubbard,
  author    = {Barbara Burke Hubbard and John Hamal Hubbard}, 
  title     = {Vector Calculus, Linear Algebra, And Differential Forms},
  edition = 1,
  publisher = {Prentice Hall},
  isbn      = {978-0136574460}
}

@book{book::DDG,
  author    = {Keenan Crane}, 
  title     = {Discrete Differential Geometry: An Applied Introduction},
  edition = 1,
  month = 5,
  year = 2019,
  note = "\url{https://www.cs.cmu.edu/~kmcrane/Projects/DDG/}"
}

@book{book:Warner,
  author    = {Frank W. Warner}, 
  title     = {Foundations of Differentiable Manifolds and Lie Groups},
  edition = 1
}

@book{book::DiffTop,
  author    = {Victor Guillemin and Alan Pollack}, 
  title     = {Differential Topology},
  publisher = {Prentice-Hall},
  edition   = 1,
  year = 1974,
  isbn      = {0-13-212605-2}
}

@book{BonetWood,
  author    = {Javier Bonet and Richard D. Wood}, 
  title     = {Nonlinear Continuum Mechanics for Finite Element Analysis},
  publisher = {Cambridge Univeristy Press},
  year      = 1997,
  edition   = 1,
  isbn      = {0-521-57272-X}
}

@article{DDGArticle,
  author  = {Mathieu Desbrun, Eva Kanso, and Yiying Tong},
  title   = {Discrete Differential Forms for Computational Modeling},
  note = "\url{http://www.geometry.caltech.edu/pubs/DKT05.pdf}"
}

@unpublished{DDGNotes,
  author       = {Justin Solomon}, 
  title        = {Discrete Differential Geometry},
  note = "\url{https://graphics.stanford.edu/courses/cs468-13-spring/assets/lecture14-saenz.pdf}",
  year         = 2013
}

@unpublished{StackExchangePullbackImpliesdd0,
  author       = {Johannes Ebert}, 
  note = "\url{https://mathoverflow.net/questions/21024/what-is-the-exterior-derivative-intuitively}",
  year         = 2019
}

@unpublished{HodgeStar,
  author       = {Rich Schwartz}, 
  note = "\url{https://www.math.brown.edu/~res/M114/notes11.pdf}",
  year         = 2015
}



    
